%% This BibTeX bibliography file was created using BibDesk.
%% http://bibdesk.sourceforge.net/


%% Created for Marek Karczewski at 2010-05-31 17:44:33 +0200 


%% Saved with string encoding Unicode (UTF-8) 

@article{bagan2015controlling,
  title={Controlling Diversity in Benchmarking Graph Databases},
  author={Bagan, Guillaume and Bonifati, Angela and Ciucanu, Radu and Fletcher, George HL and Lemay, Aur{\'e}lien and Advokaat, Nicky},
  journal={arXiv preprint arXiv:1511.08386},
  year={2015}
}

@article{wood2012query,
  title={Query languages for graph databases},
  author={Wood, Peter T},
  journal={ACM SIGMOD Record},
  volume={41},
  number={1},
  pages={50--60},
  year={2012},
  publisher={ACM}
}
@article{Thompson:1968:PTR:363347.363387,
 author = {Thompson, Ken},
 title = {Programming Techniques: Regular Expression Search Algorithm},
 journal = {Commun. ACM},
 issue_date = {June 1968},
 volume = {11},
 number = {6},
 month = jun,
 year = {1968},
 issn = {0001-0782},
 pages = {419--422},
 numpages = {4},
 url = {http://doi.acm.org/10.1145/363347.363387},
 doi = {10.1145/363347.363387},
 acmid = {363387},
 publisher = {ACM},
 address = {New York, NY, USA},
 keywords = {match, regular expression, search},
} 
@misc{metislib,
  howpublished = "\url{http://glaros.dtc.umn.edu/gkhome/software}",
}
@misc{hackingoff,
  howpublished = "\url{https://github.com/hackingoff/scanner-generator}",
}
@misc{jabejagraphchi,
  howpublished = "\url{https://github.com/fatemehr/jabeja}",
}
@misc{ldbc,
  howpublished = "\url{http://ldbcouncil.org/sites/default/files/LDBC_D1.1.1.pdf}",
}
@misc{neo4j,
  howpublished = "\url{http://neo4j.com/}",
}
@misc{titan,
 howpublished = "\url{http://thinkaurelius.github.io/titan/}",
}
@misc{infinitegraph,
 howpublished = "\url{http://www.objectivity.com/products/infinitegraph/}",
}
@misc{sparksee,
 howpublished = "\url{http://sparsity-technologies.com/}",
}
@misc{orientdb,
 howpublished = "\url{http://orientdb.com/orientdb/}",
}
@misc{data-model-titan,
 howpublished = "\url{http://s3.thinkaurelius.com/docs/titan/1.0.0/data-model.html}",
}
@misc{spark-cassandra-connector,
 howpublished = "\url{https://github.com/datastax/spark-cassandra-connector}",
}
@misc{spark-hbase-connector,
 howpublished = "\url{https://github.com/unicredit/hbase-rdd}",
}
@inproceedings{karypis1995multilevel,
  title={Multilevel graph partitioning schemes},
  author={Karypis, George and Kumar, Vipin},
  booktitle={ICPP (3)},
  pages={113--122},
  year={1995}
}
@inproceedings{xin2013graphx,
  title={Graphx: A resilient distributed graph system on spark},
  author={Xin, Reynold S and Gonzalez, Joseph E and Franklin, Michael J and Stoica, Ion},
  booktitle={First International Workshop on Graph Data Management Experiences and Systems},
  pages={2},
  year={2013},
  organization={ACM}
}
@article{low2012distributed,
  title={Distributed GraphLab: a framework for machine learning and data mining in the cloud},
  author={Low, Yucheng and Bickson, Danny and Gonzalez, Joseph and Guestrin, Carlos and Kyrola, Aapo and Hellerstein, Joseph M},
  journal={Proceedings of the VLDB Endowment},
  volume={5},
  number={8},
  pages={716--727},
  year={2012},
  publisher={VLDB Endowment}
}
@inproceedings{dowling2012shuffling,
  title={Shuffling with a croupier: Nat-aware peer-sampling},
  author={Dowling, Jim and Payberah, Amir H},
  booktitle={Distributed Computing Systems (ICDCS), 2012 IEEE 32nd International Conference on},
  pages={102--111},
  year={2012},
  organization={IEEE}
}
@inproceedings{awan2006distributed,
  title={Distributed uniform sampling in unstructured peer-to-peer networks},
  author={Awan, Asad and Ferreira, Ronaldo A and Jagannathan, Suresh and Grama, Ananth},
  booktitle={System Sciences, 2006. HICSS'06. Proceedings of the 39th Annual Hawaii International Conference on},
  volume={9},
  pages={223c--223c},
  year={2006},
  organization={IEEE}
}
@article{suciu2002distributed,
  title={Distributed query evaluation on semistructured data},
  author={Suciu, Dan},
  journal={ACM Transactions on Database Systems (TODS)},
  volume={27},
  number={1},
  pages={1--62},
  year={2002},
  publisher={ACM}
}
@article{zou2011gstore,
  title={gStore: answering SPARQL queries via subgraph matching},
  author={Zou, Lei and Mo, Jinghui and Chen, Lei and {\"O}zsu, M Tamer and Zhao, Dongyan},
  journal={Proceedings of the VLDB Endowment},
  volume={4},
  number={8},
  pages={482--493},
  year={2011},
  publisher={VLDB Endowment}
}
@INPROCEEDINGS{imgraph, 
author={Jouili, S. and Reynaga, A.}, 
booktitle={Social Computing (SocialCom), 2013 International Conference on}, 
title={imGraph: A Distributed In-Memory Graph Database}, 
year={2013}, 
pages={732-737}, 
keywords={distributed databases;graph theory;citation networks;cyber security;distributed in-memory graph database;graph exploration;imGraph system;inherently graph-structured data;memory access;protein networks;recommendation systems;social networks;traversal engine;workload distribution;Clustering algorithms;Data models;Databases;Engines;Random access memory;YouTube;distributed storage;graph;graph database;graph traversal}, 
doi={10.1109/SocialCom.2013.109}, 
month={Sept},}

@book{gross_managing_1964,
	Author = {Bertram Myron Gross},
	Date-Added = {2010-05-13 19:14:16 +0200},
	Date-Modified = {2010-05-13 19:14:16 +0200},
	Pages = {504},
	Publisher = {Free Press of Glencoe},
	Title = {The managing of organizations},
	Year = {1964}}
	
@article{GBase,
 author = {Kang, U. and Tong, Hanghang and Sun, Jimeng and Lin, Ching-Yung and Faloutsos, Christos},
 title = {Gbase: An Efficient Analysis Platform for Large Graphs},
 journal = {The VLDB Journal},
 issue_date = {October   2012},
 volume = {21},
 number = {5},
 month = oct,
 year = {2012},
 issn = {1066-8888},
 pages = {637--650},
 numpages = {14},
 url = {http://dx.doi.org/10.1007/s00778-012-0283-9},
 doi = {10.1007/s00778-012-0283-9},
 acmid = {2387347},
 publisher = {Springer-Verlag New York, Inc.},
 address = {Secaucus, NJ, USA},
 keywords = {Compression, Distributed computing, Graph, Indexing},
} 
@inproceedings{reutter2015regular,
  title={Regular Queries on Graph Databases},
  author={Reutter, Juan L and Romero, Miguel and Vardi, Moshe Y},
  booktitle={18th International Conference on Database Theory (ICDT 2015)$\}$},
  volume={31},
  pages={177--194},
  year={2015},
  organization={Schloss Dagstuhl--Leibniz-Zentrum fuer Informatik$\}$}
}
@article{mendelzon1995finding,
  title={Finding regular simple paths in graph databases},
  author={Mendelzon, Alberto O and Wood, Peter T},
  journal={SIAM Journal on Computing},
  volume={24},
  number={6},
  pages={1235--1258},
  year={1995},
  publisher={SIAM}
}
@inproceedings{koschmieder2012regular,
  title={Regular path queries on large graphs},
  author={Koschmieder, Andr{\'e} and Leser, Ulf},
  booktitle={Scientific and Statistical Database Management},
  pages={177--194},
  year={2012},
  organization={Springer}
}
@inproceedings{tung2013efficient,
  title={Efficient query evaluation on distributed graphs with Hadoop environment},
  author={Tung, Le-Duc and Nguyen-Van, Quyet and Hu, Zhenjiang},
  booktitle={Proceedings of the Fourth Symposium on Information and Communication Technology},
  pages={311--319},
  year={2013},
  organization={ACM}
}
@mastersthesis{peters2015thesis,
  title={Regular path query evaluation using path indexes},
  author={Peters, J and Fletcher, GHL and Poulovassilis, A and De Bra, PME and T{\"u}retken, O},
  year={2015},
  school={Department of Mathematics and Computer Science, Eindhoven University of Technology}
}
@article{karypis1998multilevelk,
  title={Multilevelk-way partitioning scheme for irregular graphs},
  author={Karypis, George and Kumar, Vipin},
  journal={Journal of Parallel and Distributed computing},
  volume={48},
  number={1},
  pages={96--129},
  year={1998},
  publisher={Elsevier}
}
@inproceedings{karypis1998multilevel,
  title={Multilevel algorithms for multi-constraint graph partitioning},
  author={Karypis, George and Kumar, Vipin},
  booktitle={Proceedings of the 1998 ACM/IEEE conference on Supercomputing},
  pages={1--13},
  year={1998},
  organization={IEEE Computer Society}
}
@TECHREPORT{Karypis95metis,
    author = {George Karypis and Vipin Kumar},
    title = {METIS -- Unstructured Graph Partitioning and Sparse Matrix Ordering System, Version 2.0},
    institution = {},
    year = {1995}
}
@inproceedings{sanders2011engineering,
  title={Engineering Multilevel Graph Partitioning Algorithms.},
  author={Sanders, Peter and Schulz, Christian},
  booktitle={ESA},
  pages={469--480},
  year={2011},
  organization={Springer}
}
@article{soper2004combined,
  title={A combined evolutionary search and multilevel optimisation approach to graph-partitioning},
  author={Soper, Alan J and Walshaw, Chris and Cross, Mark},
  journal={Journal of Global Optimization},
  volume={29},
  number={2},
  pages={225--241},
  year={2004},
  publisher={Springer}
}
@inproceedings{afrati2010optimizing,
  title={Optimizing joins in a map-reduce environment},
  author={Afrati, Foto N and Ullman, Jeffrey D},
  booktitle={Proceedings of the 13th International Conference on Extending Database Technology},
  pages={99--110},
  year={2010},
  organization={ACM}
}
@inproceedings{rahimian2013jabeja,
  title={Ja-be-ja: A distributed algorithm for balanced graph partitioning},
  author={Rahimian, Fatemeh and Payberah, Amir H and Girdzijauskas, Sarunas and Jelasity, Mark and Haridi, Seif},
  booktitle={Self-Adaptive and Self-Organizing Systems (SASO), 2013 IEEE 7th International Conference on},
  pages={51--60},
  year={2013},
  organization={IEEE}
}
@inproceedings{kyrola2012graphchi,
  title={Graphchi: Large-scale graph computation on just a pc},
  author={Kyrola, Aapo and Blelloch, Guy and Guestrin, Carlos},
  booktitle={Presented as part of the 10th USENIX Symposium on Operating Systems Design and Implementation (OSDI 12)},
  pages={31--46},
  year={2012}
}